2249 2888
420 165 479 206 16

1138 287 1232 333 IX.

541 378 943 427 Hemistichium
972 361 1240 431 Aramum,
1275 391 1391 421 cum
1420 391 1482 421 ne
1508 376 1721 422 verbulo
1744 362 1950 438 quidem

412 469 615 518 differat
645 469 706 515 ab
727 485 812 521 eo,
833 466 970 530 quod
998 466 1184 529 allegat
1206 466 1366 510 Divus
1394 468 1602 520 Paulus,
1635 447 1949 527 facile‘appa-

410 572 512 616 ret,
541 574 631 604 cur
648 568 765 619 post
786 556 1098 622 Clementem
1116 554 1516 617 Alexandrinum
1529 589 1542 611 ‚
1561 532 1951 613 Hieronymum,

413 650 860 707 Chrysostomum,
909 646 1168 689 Socratem
1207 626 1432 704 aliosque
1469 654 1663 689 veteres
1697 642 1951 689 Ecolesiae

406 740 579 794 Patres
631 746 781 808 atque
823 733 1154 794 interpretes,
1198 732 1351 778 etiam
1392 731 1693 778 recentiores
1716 768 1728 786 ,
1775 731 1949 778 Desid.

413 831 674 881 Erasmus,
710 823 904 869 Theod.
921 826 1079 879 Beza,
1110 824 1264 868 Henr.
1294 819 1666 875 Hammondus,
1693 817 1952 879 Vatablus,

416 916 618 962 Pricaus
639 951 651 972 ‚
702 913 815 966 Joh.
858 912 971 958 Chr.
1008 907 1261 968 VVolfius,
1287 911 1614 973 *pluiimique
1648 904 1738 958 alii
1769 915 1951 958 Aratea

400 1004 575 1053 ‚verba
615 1004 832 1049 Paulum
879 1002 1158 1063 respexisse
1198 999 1428 1045 arbitrati
1461 1001 1577 1046 sint.
1661 1000 1759 1047 Sed
1799 1002 1950 1046 etiam

384 1138 386 1141 .
418 1110 590 1140 versus
618 1092 784 1147 Arati,
819 1092 907 1153 qui
924 1073 1154 1136 nostrum
1183 1088 1495 1155 antecedant,
1524 1091 1576 1135 in
1606 1102 1772 1135 mente
1793 1090 1950 1135 habu·

419 1185 516 1229 isse
537 1182 863 1244 Apostolum,
900 1179 1103 1240 illisque
1120 1190 1173 1223 et
1192 1180 1408 1242 cogitata
1430 1190 1479 1223 et
1496 1179 1629 1224 dicta
1650 1195 1736 1225 sua
1759 1195 1952 1225 accom-

422 1272 677 1323 modasse,
716 1285 779 1314 ex
799 1280 965 1314 nostra
990 1269 1196 1330 quidem
1223 1270 1466 1313 sententia
1495 1270 1747 1314 nerninem
1774 1269 1951 1332 fugiet,

381 1378 384 1381 ⁴
420 1363 508 1423 qui
537 1361 821 1407 universam
851 1359 1114 1404 Paulinam
1142 1358 1422 1404 orationem
1440 1374 1553 1406 cum
1575 1358 1717 1406 Arati
1740 1360 1950 1406 exordio

420 1453 574 1513 paulo
606 1449 885 1517 accuratius
915 1463 1202 1510 comparare
1235 1448 1375 1494 velit.

1155 1628 1221 1673 X.

554 1716 737 1764 Nihilo
775 1726 940 1762 tamen
982 1715 1140 1761 secius
1179 1731 1281 1761 non
1316 1715 1546 1774 defuere,
1588 1732 1679 1762 nec
1712 1733 1772 1763 ex
1796 1722 1952 1764 Inter-

421 1806 650 1871 pretibus
684 1806 1010 1869 gravissimis,
1070 1806 1157 1866 qui
1202 1806 1360 1868 magis
1397 1807 1650 1852 Cleanthis
1687 1809 1951 1867 Hymnum

421 1900 485 1942 D.
518 1895 734 1940 Paulum
774 1894 1049 1955 respexisse
1081 1876 1330 1954 'credant3
1391 1895 1641 1957 siquidem
1682 1897 1952 1958 sapientiae

421 1984 654 2048 Apostoli
682 1984 1073 2029 convenientius
1084 1985 1206 2046 ipsis
1233 1985 1397 2029 visum
1416 1984 1505 2041 sit,
1539 1986 1690 2030 talem
1710 1986 1808 2032 sibi
1827 1990 1951 2032 Poe*-

424 2086 526 2120 tam
555 2068 909 2136 suffragantem
940 2072 1137 2130 sistere,
1173 2073 1260 2135 qui
1288 2072 1676 2120 Atheniensibus
1697 2091 1756 2121 eo
1785 2079 1948 2124 minus

420 2164 647 2227 potuerit
692 2177 794 2207 esse
832 2162 1058 2224 ignotus,
1115 2178 1213 2223 quo
1252 2147 1441 2209 diutius
1477 2164 1531 2209 in
1567 2165 1792 2226 ipsorum
1825 2168 1950 2212 urbe

424 2254 635 2298 vixerat.
721 2253 779 2297 In
825 2261 975 2312 quam
1016 2251 1288 2297 sententiae
1330 2263 1524 2313 partem
1568 2253 1843 2313 inclinant,
1893 2269 1951 2303 ut

426 2343 551 2388 alios
586 2352 776 2402 taceam
815 2357 878 2385 ex
912 2341 1039 2395 illis,
1081 2341 1168 2402 qui
1195 2355 1327 2410 nunc
1354 2340 1453 2400 jam
1482 2345 1523 2393 ἔν
1550 2341 1725 2406 eiwons,
1751 2331 1949 2393 *Erudi-

421 2430 640 2482 tissImu‘s
663 2441 809 2493 atque
830 2431 1253 2495 Diligentissimus
1280 2435 1308 2483 J
1318 2433 1408 2479 oh.
1435 2435 1564 2482 Alb.
1600 2440 1634 2484 F
1645 2450 1669 2480 a
1682 2434 1750 2481 br
1763 2437 1779 2483 i
1792 2438 1951 2496 cius3
