2249 2888
391 155 427 205 4

383 279 724 339 Interpretum
742 274 974 329 cohorte,
1010 273 1098 335 qui
1115 261 1199 320 vel
1223 273 1515 320 universum
1529 272 1667 319 Novi
1686 274 1722 317 F
1723 271 1920 318 oederis

388 364 629 421 Codicem
647 364 902 427 perpetuis
931 362 1031 409 suis
1056 362 1439 409 Commentariis
1465 362 1805 415 illustrarunt,
1837 361 1917 407 vel

386 455 585 500 selectis
622 463 821 499 tantum
860 463 1008 515 atque
1042 450 1419 498 obscurioribus
1457 449 1757 514 quibusdam
1791 448 1919 496 locis

384 545 556 591 lucem
585 539 843 588 affundere
877 533 1043 587 conati
1071 552 1213 598 sunt,
1250 541 1341 587 alii
1377 541 1537 587 fusius
1564 541 1921 601 sollertiusque

384 632 595 678 eandem
612 642 889 676 tractavere
906 631 1168 676 materiem
1180 667 1193 687 ,
1222 632 1312 677 alii
1334 631 1500 677 obiter
1517 641 1711 676 tantum
1732 645 1788 674 ac
1806 644 1919 690 per-

384 719 636 770 functorie
668 720 813 768 illam
849 719 1073 783 attigere.
1145 723 1370 783 Quorum
1397 718 1718 767 uberioribus
1744 717 1919 764 messi-

386 809 481 857 bus
521 808 845 874 spicilegium
875 795 1113 855 'nostrum
1182 810 1545 873 qualecumque
1595 807 1812 868 adjicere
1855 821 1916 854 eo

385 900 554 946 minus
599 898 912 955 dubitamuS,
954 913 1054 959 quo
1091 898 1251 962 magis
1303 899 1450 945 nobis
1499 912 1788 962 persuasum
1819 905 1916 953 est,

387 985 740 1052 argumentum
764 987 901 1033 illud
925 987 1027 1033 huc
1055 1002 1210 1050 usque
1227 989 1438 1035 minime
1467 986 1631 1034 adhuc
1656 986 1781 1032 adeo
1809 987 1917 1031 esse
1958 997 1962 999 ·

388 1077 715 1133 exhaustum,
759 1087 844 1133 ut,
889 1077 977 1138 qui
1018 1074 1183 1123 denuo
1219 1078 1274 1123 in
1315 1094 1524 1124 examen
1562 1076 1697 1124 illud
1733 1089 1913 1120 vocare

316 1181 320 1185 ·
387 1167 537 1224 velit,
569 1164 967 1212 adnumerandus
987 1166 1050 1211 sit
1070 1167 1205 1224 istis,
1237 1168 1324 1230 qui
1349 1167 1560 1214 Iliadem
1584 1177 1696 1230 post
1720 1167 1910 1211 Home-

385 1273 501 1303 rum
547 1267 812 1303 contexere
855 1271 982 1301 vano
1025 1266 1173 1318 atque
1219 1258 1489 1305 temerario
1533 1259 1729 1320 impetu
1762 1254 1915 1301 moli-

387 1357 548 1393 antur.

1113 1437 1187 1480 11.

527 1527 569 1569 Ε
600 1519 935 1593 scriptoribus
954 1537 1072 1568 vero
1096 1523 1277 1581 Sacris,
1307 1525 1394 1586 qui
1414 1521 1561 1572 effata
1578 1524 1906 1573 Ethnicorum

378 1607 440 1656 'in
468 1626 617 1657 usum
646 1611 946 1657 sanctiorem
973 1622 1262 1657 convertere
1298 1628 1441 1659 ausus
1479 1624 1576 1672 est,
1604 1613 1781 1659 unicus
1809 1609 1905 1655 fuit

384 1701 547 1747 Divus
576 1701 787 1759 Paulus,
831 1703 1194 1763 Apostolorum
1224 1712 1283 1747 ut
1318 1702 1724 1760 facundissimus,
1755 1701 1826 1747 ita
1858 1709 1906 1746 et

385 1789 770 1838 eruditissimus.
841 1793 968 1855 Qui,
1001 1791 1139 1853 quod
1173 1791 1454 1839 doctrinam
1479 1794 1694 1856 patriam
1730 1807 1796 1836 ex
1821 1804 1909 1837 ore

385 1881 698 1934 Gamalielis‚
745 1880 807 1927 ad
843 1880 986 1940 cujus
1018 1880 1172 1943 pedes
1207 1881 1483 1945 discipulus
1507 1883 1733 1931 discendi
1770 1880 1910 1943 cupi-

384 1970 616 2022 dissimus
653 1970 968 2026 consederat,
1012 1970 1579 2042 sitibundus-hauserit,
1627 1973 1712 2035 pia
1749 1981 1910 2035 grata-

383 2073 482 2123 que
508 2067 677 2105 mente
708 2058 815 2120 ipse
835 2057 1035 2105 fatetur.
1099 2058 1198 2106 Sed
1222 2057 1313 2106 nec
1344 2055 1580 2108 Gentium
1602 2059 1904 2124 Sapientiam

378 2148 685 2212 neglexisse,
719 2163 810 2194 nec
847 2149 1147 2194 Graecorum
1165 2148 1240 2207 (in
1275 2165 1491 2212 quorum
1526 2150 1697 2198 medio
1739 2148 1907 2195 adole·

377 2237 557 2299 verat)
580 2237 773 2284 litteras
806 2238 1028 2285 illibatas
1066 2238 1329 2301 reliquisse
1359 2238 1620 2299 juvenem,
1664 2238 1907 2285 acerrimo

378 2327 583 2391 ingenio
601 2326 912 2389 praeditum,
948 2328 1012 2375 ad
1042 2328 1221 2375 altiora
1247 2330 1497 2389 concitato
1525 2346 1672 2377 cursu
1698 2327 1901 2374 tenden-

379 2428 512 2474 tem,
561 2417 737 2465 Civem
787 2417 994 2481 insuper
1039 2420 1321 2467 Romanum
1339 2455 1356 2481 ,
1404 2435 1432 2467 e
1479 2420 1649 2481 nobili·
1698 2418 1906 2468 Ciliciae

2236 863 2249 973 ..-ΑΕΔΗ
2247 836 2249 838 ,
