2249 2888
1756 213 1814 244 11

1022 332 1078 374 V.

431 416 527 463 Sed
557 416 739 476 majori
776 432 866 462 suo
894 416 1004 475 jure
1033 419 1300 473 honorem,
1337 434 1364 463 e
1391 421 1512 464 Divi
1535 419 1680 466 Pauli
1707 422 1813 466 lau-

284 505 438 554 dibus
473 506 860 563 redundantem,
886 506 985 553 sibi
1013 507 1269 554 vindicant
1307 510 1608 556 Graecorum
1635 513 1811 556 Poe‘ta-

286 610 400 641 rum
429 597 596 654 Tales,
634 594 766 659 apud
794 610 916 659 quos
946 597 1028 643 vel
1053 597 1201 661 plane
1225 597 1424 657 eadem,
1461 614 1586 660 quae
1614 599 1667 646 in
1695 600 1809 647 loco

283 696 458 732 nostro
474 721 486 743 ,
539 687 623 732 vel
649 687 856 748 propius
882 696 1055 736 tamen,
1078 686 1141 733 ad
1154 698 1321 733 nostra
1352 675 1632 736 accedentia
1661 689 1812 735 verba

282 785 564 822 occurrunt.
644 778 871 838 Quorum
904 775 1005 823 duo
1053 788 1248 823 tantum
1303 777 1558 839 hucusque
1596 779 1828 840 reperiri-

284 877 582 926 potuerunt,
636 867 762 911 alter
798 865 1175 911 Atheniensium
1202 866 1452 927 quondam
1481 869 1626 923 civiS,
1671 870 1810 915 Cle·-

288 971 354 1000 an
366 955 525 1016 thes3
563 956 688 1003 alter
715 955 869 1013 Cilix,
905 955 1072 1017 itaque
1098 957 1331 1017 Apostoli
1359 958 1515 1004 nostri
1536 956 1812 1018 populari-5,

286 1048 526 1093 Aratus.

1005 1138 1097 1182 vl.

289 1288 297 1295 .
428 1226 755 1271 Cleanthes
805 1226 981 1271 floruit
1013 1228 1140 1271 eima
1178 1229 1237 1272 A.
1275 1230 1331 1270 U.
1362 1230 1414 1271 C.
1455 1218 1567 1283 4'90.
1611 1239 1721 1272 ante
1754 1232 1807 1272 C.

285 1317 350 1361 N.
392 1322 501 1360 226.
552 1318 753 1376 Olymp.
793 1319 1009 1360 CXXIX.
1053 1318 1206 1367 Asso,
1248 1307 1386 1375 quod
1419 1316 1666 1376 oppidum
1710 1317 1810 1361 fuit

284 1404 528 1458 Troados,
565 1403 831 1460 oriundus,
870 1403 1142 1449 admodum
1169 1402 1330 1449 adhuc
1357 1403 1638 1451 adolescens
1658 1406 1810 1451 Athe-

287 1509 371 1540 nas
398 1493 664 1559 migravit3
701 1496 979 1551 Zenonem,
1006 1494 1154 1539 Stoae
1175 1491 1513 1551 conditorem,
1547 1507 1637 1556 per
1658 1509 1808 1541 annos

292 1583 450 1629 audiit
502 1582 845 1646 undeviginti3
907 1581 1129 1644 adeoque
1170 1581 1535 1642 Philosophum
1581 1582 1810 1645 gravissi.-

286 1689 424 1719 mum
461 1670 687 1726 imbibit,
744 1683 802 1717 ut
837 1672 929 1717 illo
965 1687 993 1717 e
1023 1671 1151 1718 vivis
1174 1681 1404 1726 exemto,
1458 1671 1635 1734 dignus
1663 1687 1810 1734 repu-

283 1774 413 1809 tatus
433 1763 521 1819 sit,
540 1763 628 1824 qui
652 1761 780 1807 tanti
801 1761 1030 1807 Doctoris
1053 1759 1348 1806 cathedram
1373 1760 1423 1805 in
1443 1761 1642 1820 porticu
1656 1762 1809 1807 Athe-

287 1853 446 1898 niensi
484 1851 648 1897 denuo
685 1861 964 1912 oocuparet.
1029 1847 1269 1895 Tardiore
1305 1847 1459 1894 fuisse
1486 1848 1646 1894 fertur
1673 1850 1816 1913 inge.

288 1942 406 1997 nio,
459 1940 545 1987 sed
578 1940 708 1986 mira
746 1939 1034 1985 assiduitate
1054 1974 1067 1995 ‚
1134 1938 1300 1984 animo
1331 1928 1600 1994 constanti,
1661 1945 1811 1999 atque

287 2030 455 2077 studio
480 2045 680 2092 prorsus
698 2016 955 2095 pertinaci}
1021 2030 1078 2072 In
1093 2026 1311 2072 maxima
1329 2026 1487 2089 igitur
1510 2026 1644 2088 apud
1658 2028 1812 2074 Athe-

285 2120 480 2165 nienses
517 2120 815 2165 auctoritate
850 2118 1003 2169 vixit,
1046 2116 1232 2178 viguit,
1285 2115 1557 2160 consenuit.
1644 2117 1812 2162 Vitam

256 2201 261 2214 ‘
289 2206 449 2266 finiit,
477 2207 583 2257 'sibi
610 2208 730 2271 ipsi,
773 2218 1030 2267 sectaeque
1069 2215 1184 2249 suae
1210 2203 1407 2265 placitis
1440 2204 1690 2262 constans,
1724 2222 1811 2253 vo.

291 2299 563 2355 luntarius,
605 2313 756 2344 annos
792 2307 936 2342 natus
968 2293 1318 2340 undecentum.
1387 2296 1429 2338 E
1460 2293 1662 2357 ,scriptis
1692 2296 1815 2353 viri,

294 2400 421 2449 qnae
452 2387 673 2450 plurima
706 2398 852 2450 atque
889 2384 1228 2431 laudatissima
1259 2383 1624 2440 elaboraverat,
1683 2386 1816 2432 nihil

297 2488 544 2538 superest,
593 2487 790 2537 praeter
815 2467 1075 2534 Hymnum
1103 2473 1165 2520 ad
1192 2468 1361 2520 Iovem
1397 2468 1576 2526 unum}
1620 2475 1818 2537 grandi-
