2249 2888
409 130 439 189 6

410 271 518 317 tus,
539 259 780 321 juxtaque
796 258 1028 305 misertus
1042 294 1053 315 ,
1074 272 1136 303 ex
1158 272 1269 303 arae
1288 256 1645 319 Epimenideae
1664 254 1760 316 (7),
1784 272 1934 318 quam

411 362 463 395 et
489 349 755 396 Pausanias
782 346 1027 405 celebrat,
1063 358 1114 392 et
1128 346 1460 393 Philostratus
1483 357 1532 392 et
1554 346 1831 400 Lucianus,
1860 344 1936 391 in-

413 438 688 501 scriptione
724 452 893 483 ansam
931 435 1168 498 arripuit,
1212 434 1470 482 idolorum
1504 435 1731 492 asseclis,
1774 434 1935 493 vanis-

409 529 567 574 simae
605 526 948 589 superstitioni
982 522 1310 587 smancipatis,
1346 528 1513 571 Deum
1537 561 1549 581 ,
1603 525 1684 570 cui
1724 540 1806 570 ara
1844 525 1935 570 illa

411 617 576 664 dicata
600 616 778 673 fuerat,
797 615 1089 677 annuntiare
1108 618 1342 685 Ignotum
1358 631 1372 675 ;
1401 615 1639 669 Unicum',
1658 615 1936 671 Summum,

371 713 373 715 ’
410 710 627 765 Verum3
660 703 862 758 mundi,
893 705 1247 765 omniumque,
1276 704 1485 766 quaessin
1506 720 1566 750 eo
1593 705 1733 759 su’nt,
1768 702 1937 749 condi-

402 806 602 854 torem3
638 794 767 840 coeli
806 804 1065 856 terraeque
1086 794 1390 855 Dominu1n3
1427 793 1510 856 qui
1545 808 1636 837 nec
1661 791 1858 841 habitet
1885 794 1938 837 in

410 879 615 946 templis
632 883 947 944 fabrefactis,
981 899 1071 929 nec
1091 882 1320 930 manibus
1349 883 1577 934 humanis
1596 882 1824 948 colatur3·
1854 882 1941 944 qui

413 974 613 1020 nemine
646 972 895 1036 indigeat,
931 988 1046 1018 cum
1074 974 1180 1035 ipse
1218 972 1469 1036 dispenset
1499 970 1733 1020 omnibus
1761 972 1937 1028 vitam,

413 1062 657 1117 halitum,
686 1062 885 1120 ,victum
915 1074 1061 1123 atque
1102 1063 1322 1122 cultum;
1359 1063 1447 1124 qui
1483 1061 1835 1126 propagaverit
1869 1077 1932 1108 ex

414 1166 518 1197 uno
550 1150 788 1212 sanguine
824 1166 972 1195 omne
1017 1160 1169 1214 genus
1209 1151 1526 1210 mortalium3
1560 1162 1618 1196 ut
1647 1149 1939 1196 habitarent

416 1254 506 1300 per
538 1239 822 1283 universam
858 1238 1177 1300 superficiem
1216 1249 1402 1295 terrae,
1437 1237 1715 1300 praefinitis
1749 1250 1941 1300 tempo-

413 1343 528 1376 rum
549 1327 1012 1388 opportunitatibus
1027 1364 1038 1384 ,
1069 1325 1404 1389 praefixisque
1422 1325 1637 1395 finibus,
1668 1328 1799 1373 inter
1818 1342 1940 1389 quos

414 1415 729 1477 habitarent3
779 1426 837 1461 ut
882 1427 1177 1478 quaererent
1214 1419 1404 1473 Deum,
1447 1417 1489 1463 si
1521 1415 1652 1463 forte
1694 1416 1942 1479 palpando

414 1505 565 1552 illum
593 1504 899 1563 invenirent,
937 1506 1163 1568 quamvis
1198 1505 1425 1568 profecto
1459 1521 1561 1552 non
1597 1507 1747 1570 longe
1778 1507 1843 1552 sit
1879 1506 1939 1552 ab

413 1608 721 1655 unoquoque
748 1606 995 1640 nostrum.
1031 1626 1042 1638 .
1080 1628 1091 1640 .
1135 1596 1229 1640 His
1268 1595 1476 1656 aliisque
1501 1596 1805 1656 praemissis,
1841 1596 1942 1654 jam

417 1699 446 1728 e
474 1682 678 1743 propria
708 1682 1108 1729 adversariorum
1136 1684 1376 1746 pharetra
1399 1683 1560 1729 telum
1590 1677 1941 1745 depromturus

415 1770 702 1833 itapergit,
738 1787 785 1816 v.
814 1783 890 1828 23„

555 1858 608 1911 E'v
627 1858 758 1909 οἱυτω
776 1859 920 1920 (Θεω)
943 1878 1041 1925 *γαρ
1066 1855 1231 1923 ζωμεν,
1263 1878 1344 1910 και
1362 1861 1598 1923 κινουμεθοι
1617 1880 1697 1911 και
1710 1864 1840 1926 ἔσμεν
1852 1862 1943 1922 (8),

466 2025 510 2071 7)
535 2020 619 2059 Ara
647 2018 776 2067 haec,
802 2020 943 2073 ignoto
962 2021 1060 2060 Deo
1092 2020 1309 2078 inscripta,
1334 2021 1517 2078 plurium
1547 2022 1799 2071 eruditorum
1826 2023 1944 2067 indu-

515 2091 659 2130 striam
701 2092 913 2139 exercuit,
956 2108 1131 2147 quorum
1170 2095 1416 2150 praecipuos
1454 2109 1569 2136 more
1605 2110 1679 2136 suo
1721 2096 1943 2152 diligenter

515 2163 637 2203 affert
656 2163 743 2204 Cel.
767 2164 980 2205 Fabricius
1002 2165 1046 2205 in
1065 2164 1373 2223 Bibliographia
1391 2167 1632 2222 Antiquaria
1651 2183 1695 2224 p.
1717 2169 1803 2221 296.
1860 2201 1865 2205 .

462 2237 514 2292 ἢ)
541 2236 826 2276 Hammondus
853 2237 903 2276 ad
931 2238 970 2276 h.
989 2237 1017 2276 1.
1043 2247 1085 2278 et
1102 2238 1201 2278 haec
1219 2238 1346 2279 verba
1366 2247 1529 2279 veteres
1546 2240 1740 2293 quosdam
1755 2240 1943 2284 Ja-bos:

621 2319 768 2373 Ζωμεν
790 2305 868 2363 δ’ἐν
889 2313 1016 2366 dorca
1045 2315 1208 2375 θνητοε,
1242 2334 1315 2378 και]
1344 2316 1576 2380 κινουμεθσι

621 2407 707 2463 an
740 2402 862 2462 ἐ’ςμεν
