2249 2888
1701 208 1749 272 7.

192 336 265 394 *ois-
284 326 358 409 κίη
376 363 490 396 τινες
511 363 597 395 των
621 343 843 410 κὸιθ’ὖμοις
861 362 1051 401 vom-rm
1070 348 1274 410 ἔιςηκοιςι.
1341 352 1473 396 ΤΟΥ
1498 352 1603 396 ΓΑΡ
1627 353 1729 397 ΚΑΙ
1757 364 1762 368 ·
1821 376 1827 383 ·

205 442 408 485 ΓΕΝΟΣ
445 442 665 485 ΕΣΜΕΝ.
699 436 732 480 i.
773 451 815 480 e.
885 438 941 493 In
973 436 1081 495 ipso
1120 436 1252 479 enim
1285 435 1440 495 (Deo)
1493 436 1729 493 vivimus⁷

206 539 474 570 movemur
503 535 554 570 et
588 540 788 585 sumus3
825 524 1135 577 sicutetiam
1165 524 1367 585 quidam
1400 542 1599 582 eorum,
1640 525 1728 587 qui

208 613 341 674 apud
379 630 466 660 vos
506 614 756 674 (fuerunt)
800 616 1069 660 Poetarum
1110 613 1367 660 dixerunt:
1405 617 1561 676 Ipsius
1593 616 1728 660 enim

209 719 360 766 genus
388 719 571 749 sumus.

868 867 872 871 .
928 805 1017 849 IV.

339 915 528 963 Nobile
555 915 709 963 hocce
738 911 967 974 effatum,
1000 913 1155 978 ‘quod
1181 915 1263 962 vel
1286 917 1409 961 Vate
1439 922 1747 969 Θεγπνευσγω.

206 1021 306 1051 non
336 1005 601 1071 indignum
619 1006 776 1063 foret,
819 1006 900 1051 cui
929 1008 1010 1052 vel
1039 1006 1220 1068 quibus
1240 1022 1265 1051 e
1286 1009 1586 1053 Graecorum
1606 1009 1731 1052 Poe‘-

205 1095 268 1139 tis
298 1094 562 1149 debeatur,
597 1095 941 1141 sollertissime
969 1080 1331 1160 investigarunt
1350 1097 1567 1143 Eruditi.
1602 1101 1733 1157 Apo-

209 1185 365 1230 stolus
403 1195 535 1229 certe
572 1200 673 1230 non
700 1185 875 1243 unius,
930 1184 1015 1229 sed
1043 1186 1292 1247 plurium„
1345 1187 1430 1246 qui
1467 1187 1535 1230 ita
1571 1186 1732 1230 locuti

215 1273 337 1329 sint,
370 1273 679 1318 mentionem
707 1274 842 1319 facit.
912 1276 1019 1318 Nec
1045 1285 1177 1318 certe
1199 1274 1259 1318 de
1277 1273 1457 1318 nihilo.
1527 1275 1578 1318 Si
1598 1275 1733 1318 enim

210 1377 376 1408 sensus
412 1363 571 1426 magis
594 1398 608 1418 ,
658 1377 806 1424 quam
852 1361 1120 1408 verborum
1166 1362 1412 1407 rationem
1447 1362 1732 1418 habeamus,

207 1452 374 1513 plures
438 1451 491 1496 in
544 1447 812 1497 Poetarum
874 1451 1189 1513 antiquorom
1240 1467 1373 1497 sacra
1425 1452 1735 1498 inveniemus

211 1540 441 1595 cohorte,
497 1541 584 1602 qui
622 1539 829 1586 eandem
858 1541 1185 1587 vel-similem
1214 1539 1510 1592 sententiam
1537 1555 1734 1602 expres-

212 1630 380 1675 serint.
449 1631 615 1686 Ducat
645 1629 890 1675 familiam
926 1641 975 1674 et
1010 1620 1088 1675 his
1115 1629 1401 1675 nominibus
1436 1633 1735 1674 Homerus

212 1719 348 1783 ipse,
381 1734 480 1780 quo.
505 1733 596 1764 nec
633 1717 965 1781 antiqu-iorem
999 1718 1200 1764 Graecia
1226 1730 1456 1763 venerata
1485 1731 1557 1763 est
1584 1719 1735 1779 scrip·

214 1817 495 1864 torem‚nec
507 1807 851 1862 illustriorem,
864 1804 1216 1869 cujusproinde
1237 1805 1480 1864 divinum,
1492 1821 1735 1868 supraque

215 1910 530 1942 communem
548 1893 842 1941 mortalium
859 1896 1124 1954 modulum
1141 1898 1290 1958 longe
1318 1912 1574 1959 emergens
1597 1896 1738 1957 inge-

215 1984 359 2030 nium
376 1984 605 2046 temph‘s,
638 1985 839 2042 statuis,
872 1985 1114 2043 nummis,
1149 1985 1387 2036 αποθεωςει
1409 1984 1609 2030 tandem
1631 1983 1738 2044 ipsa

319 2212 525 2270 respicere
553 2212 697 2255 eredit.
747 2213 830 2256 Sed
856 2226 948 2255 cum
975 2214 1020 2255 in
1041 2215 1250 2264 omnibus,
1276 2229 1380 2270 quae
1407 2228 1460 2254 ex
1478 2214 1745 2269 Antiquitatq

322 2286 477 2327 Graeca
499 2284 550 2326 ad
566 2300 640 2326 nos
660 2296 968 2343 pervenerunt,
993 2289 1289 2334 monumentis,
1318 2287 1418 2327 tales
1440 2286 1633 2329 versiculi
1657 2272 1739 2325 nun

323 2357 603 2414 reperiantur,
638 2374 714 2403 nec
737 2360 873 2400 fontes
898 2357 994 2400 'suos
1031 2360 1220 2404 citaverit
1243 2359 1550 2407 Hammondus‚
1582 2373 1669 2399 rem
1696 2359 1740 2397 in

330 2428 455 2480 dubio
481 2442 570 2471 esse
600 2430 934 2487 relinquendam,
958 2440 1068 2474 recte
1092 2442 1231 2474 monet
1257 2430 1509 2473 Hammondi
1526 2431 1746 2473 Commenr

323 2509 455 2550 tator,
480 2501 672 2545 Clericus.
1077 2503 1086 2508 “
1374 2501 1377 2504 ’
